@incollection{ricci2015recommender,
  title={Recommender systems: introduction and challenges},
  author={Ricci, Francesco and Rokach, Lior and Shapira, Bracha},
  booktitle={Recommender systems handbook},
  pages={1--34},
  year={2015},
  publisher={Springer}
}